@misc{vsftpd,
  author = {Rapid7},
  title = {Metasploit Framework},
  howpublished = "\url{https://github.com/rapid7/metasploit-framework/blob/master/modules/exploits/unix/ftp/vsftpd_234_backdoor.rb}",
  year = {2020},
  note = "[Online; accessed 11-Dec-2020]"
}

@misc{nist,
  author = {NIST},
  title = {Digital Identity Guidelines},
  howpublished = "\url{https://pages.nist.gov/800-63-3/sp800-63b.html}",
  year = {2020},
  note = "[Online; accessed 11-Dec-2020]"
}

@misc{accesschk,
  author = {Microsoft},
  title = {AccessChk v6.13},
  howpublished = "\url{https://docs.microsoft.com/en-us/sysinternals/downloads/accesschk}",
  year = {2020},
  note = "[Online; accessed 11-Dec-2020]"
}

@misc{sudoh,
  author = {Sudo},
  title = {Potential bypass of Runas user restrictions},
  howpublished = "\url{https://www.sudo.ws/alerts/minus_1_uid.html}",
  year = {2019},
  note = "[Online; accessed 11-Dec-2020]"
}

@misc{wpa_config,
  author = {w1.fi},
  title = {Example wpa_supplicant Configuration File},
  howpublished = "\url{https://w1.fi/cgit/hostap/plain/wpa_supplicant/wpa_supplicant.conf}",
  year = {2020},
  note = "[Online; accessed 11-Dec-2020]"
}

@misc{masvs_dbg,
  author = {OVASP},
  title = {Code Quality and Build Setting Requirements},
  howpublished = "\url{https://github.com/OWASP/owasp-masvs/blob/master/Document/0x12-V7-Code_quality_and_build_setting_requirements.md}",
  year = {2020},
  note = "[Online; accessed 11-Dec-2020]"
}

@misc{masvs_creds,
  author = {OVASP},
  title = {Authentication and Session Management Requirements},
  howpublished = "\url{https://github.com/OWASP/owasp-masvs/blob/master/Document/0x09-V4-Authentication_and_Session_Management_Requirements.md}",
  year = {2020},
  note = "[Online; accessed 11-Dec-2020]"
}

@misc{ms17-010,
  author = {Microsoft},
  title = {Microsoft Security Bulletin MS17-010 - Critical},
  howpublished = "\url{https://docs.microsoft.com/en-us/security-updates/SecurityBulletins/2017/ms17-010}",
  year = {2017},
  note = "[Online; accessed 11-Dec-2020]"
}
